%YAML 1.1
%TAG !u! tag:unity3d.com,2011:
--- !u!1 &5075003634157466096
GameObject:
  m_ObjectHideFlags: 0
  m_CorrespondingSourceObject: {fileID: 0}
  m_PrefabInstance: {fileID: 0}
  m_PrefabAsset: {fileID: 0}
  serializedVersion: 6
  m_Component:
  - component: {fileID: 5075003634157466097}
  - component: {fileID: 5075003634157466094}
  - component: {fileID: 5075003634157466095}
  m_Layer: 0
  m_Name: RocketCollider
  m_TagString: Untagged
  m_Icon: {fileID: 0}
  m_NavMeshLayer: 0
  m_StaticEditorFlags: 0
  m_IsActive: 1
--- !u!4 &5075003634157466097
Transform:
  m_ObjectHideFlags: 0
  m_CorrespondingSourceObject: {fileID: 0}
  m_PrefabInstance: {fileID: 0}
  m_PrefabAsset: {fileID: 0}
  m_GameObject: {fileID: 5075003634157466096}
  m_LocalRotation: {x: 0, y: 0, z: 0, w: 1}
  m_LocalPosition: {x: 0, y: -1.177, z: -0.269}
  m_LocalScale: {x: 1, y: 1, z: 1}
  m_ConstrainProportionsScale: 0
  m_Children: []
  m_Father: {fileID: 7019033659289838972}
  m_RootOrder: 1
  m_LocalEulerAnglesHint: {x: 0, y: 0, z: 0}
--- !u!135 &5075003634157466094
SphereCollider:
  m_ObjectHideFlags: 0
  m_CorrespondingSourceObject: {fileID: 0}
  m_PrefabInstance: {fileID: 0}
  m_PrefabAsset: {fileID: 0}
  m_GameObject: {fileID: 5075003634157466096}
  m_Material: {fileID: 0}
  m_IsTrigger: 0
  m_Enabled: 1
  serializedVersion: 2
  m_Radius: 0.5
  m_Center: {x: 0, y: 0, z: 0}
--- !u!114 &5075003634157466095
MonoBehaviour:
  m_ObjectHideFlags: 0
  m_CorrespondingSourceObject: {fileID: 0}
  m_PrefabInstance: {fileID: 0}
  m_PrefabAsset: {fileID: 0}
  m_GameObject: {fileID: 5075003634157466096}
  m_Enabled: 1
  m_EditorHideFlags: 0
  m_Script: {fileID: 11500000, guid: 31f645aad3c45c348b83683fe7e8f881, type: 3}
  m_Name: 
  m_EditorClassIdentifier: 
  Player: {fileID: 0}
--- !u!1 &7019033659289838973
GameObject:
  m_ObjectHideFlags: 0
  m_CorrespondingSourceObject: {fileID: 0}
  m_PrefabInstance: {fileID: 0}
  m_PrefabAsset: {fileID: 0}
  serializedVersion: 6
  m_Component:
  - component: {fileID: 7019033659289838972}
  m_Layer: 0
  m_Name: Claw
  m_TagString: RocketClaw
  m_Icon: {fileID: 0}
  m_NavMeshLayer: 0
  m_StaticEditorFlags: 0
  m_IsActive: 1
--- !u!4 &7019033659289838972
Transform:
  m_ObjectHideFlags: 0
  m_CorrespondingSourceObject: {fileID: 0}
  m_PrefabInstance: {fileID: 0}
  m_PrefabAsset: {fileID: 0}
  m_GameObject: {fileID: 7019033659289838973}
  m_LocalRotation: {x: -0, y: -0, z: 0.70710564, w: 0.7071079}
  m_LocalPosition: {x: 1.74, y: 0.38, z: -0.47}
  m_LocalScale: {x: 1, y: 1, z: 1}
  m_ConstrainProportionsScale: 0
  m_Children:
  - {fileID: 4748115171862331589}
  - {fileID: 5075003634157466097}
  m_Father: {fileID: 0}
  m_RootOrder: 0
  m_LocalEulerAnglesHint: {x: 0, y: 0, z: 90}
--- !u!1001 &922020741336754484
PrefabInstance:
  m_ObjectHideFlags: 0
  serializedVersion: 2
  m_Modification:
    m_TransformParent: {fileID: 7019033659289838972}
    m_Modifications:
    - target: {fileID: 1528680271779614635, guid: feac2fb794c96f8428a4024e334d7218, type: 3}
      propertyPath: m_LocalPosition.z
      value: 0
      objectReference: {fileID: 0}
    - target: {fileID: 5072405312009696075, guid: feac2fb794c96f8428a4024e334d7218, type: 3}
      propertyPath: m_Name
      value: RocketClawModel
      objectReference: {fileID: 0}
    - target: {fileID: 5561696419646286321, guid: feac2fb794c96f8428a4024e334d7218, type: 3}
      propertyPath: m_RootOrder
      value: 0
      objectReference: {fileID: 0}
    - target: {fileID: 5561696419646286321, guid: feac2fb794c96f8428a4024e334d7218, type: 3}
      propertyPath: m_LocalPosition.x
      value: 0.5100024
      objectReference: {fileID: 0}
    - target: {fileID: 5561696419646286321, guid: feac2fb794c96f8428a4024e334d7218, type: 3}
      propertyPath: m_LocalPosition.y
      value: -2.57
      objectReference: {fileID: 0}
    - target: {fileID: 5561696419646286321, guid: feac2fb794c96f8428a4024e334d7218, type: 3}
      propertyPath: m_LocalPosition.z
      value: -0.3000012
      objectReference: {fileID: 0}
    - target: {fileID: 5561696419646286321, guid: feac2fb794c96f8428a4024e334d7218, type: 3}
      propertyPath: m_LocalRotation.w
      value: 0
      objectReference: {fileID: 0}
    - target: {fileID: 5561696419646286321, guid: feac2fb794c96f8428a4024e334d7218, type: 3}
      propertyPath: m_LocalRotation.x
      value: -0
      objectReference: {fileID: 0}
    - target: {fileID: 5561696419646286321, guid: feac2fb794c96f8428a4024e334d7218, type: 3}
      propertyPath: m_LocalRotation.y
      value: -0
      objectReference: {fileID: 0}
    - target: {fileID: 5561696419646286321, guid: feac2fb794c96f8428a4024e334d7218, type: 3}
      propertyPath: m_LocalRotation.z
      value: 1
      objectReference: {fileID: 0}
    - target: {fileID: 5561696419646286321, guid: feac2fb794c96f8428a4024e334d7218, type: 3}
      propertyPath: m_LocalEulerAnglesHint.x
      value: 0
      objectReference: {fileID: 0}
    - target: {fileID: 5561696419646286321, guid: feac2fb794c96f8428a4024e334d7218, type: 3}
      propertyPath: m_LocalEulerAnglesHint.y
      value: 0
      objectReference: {fileID: 0}
    - target: {fileID: 5561696419646286321, guid: feac2fb794c96f8428a4024e334d7218, type: 3}
      propertyPath: m_LocalEulerAnglesHint.z
      value: 180
      objectReference: {fileID: 0}
    m_RemovedComponents: []
  m_SourcePrefab: {fileID: 100100000, guid: feac2fb794c96f8428a4024e334d7218, type: 3}
--- !u!4 &4748115171862331589 stripped
Transform:
  m_CorrespondingSourceObject: {fileID: 5561696419646286321, guid: feac2fb794c96f8428a4024e334d7218, type: 3}
  m_PrefabInstance: {fileID: 922020741336754484}
  m_PrefabAsset: {fileID: 0}
